<record><leader>00000cas a22000007a 4500</leader><controlfield tag="001">38079060</controlfield><controlfield tag="008">971212d19431943aku x ne      0    0eng d</controlfield><datafield ind1=" " ind2=" " tag="010"><subfield code="a">sn 97060080 </subfield></datafield><datafield ind1=" " ind2=" " tag="040"><subfield code="a">ANE</subfield><subfield code="b">eng</subfield><subfield code="c">ANE</subfield><subfield code="d">OCLCQ</subfield></datafield><datafield ind1=" " ind2=" " tag="042"><subfield code="a">msc</subfield></datafield><datafield ind1="0" ind2="0" tag="245"><subfield code="a">Inlet outlet.</subfield></datafield><datafield ind1=" " ind2=" " tag="260"><subfield code="a">Excursion Inlet, Alaska :</subfield><subfield code="b">Guy F. Atkinson Co. &amp; U.S. Engineer Dept. Builders of Alaska Barge Terminal,</subfield><subfield code="c">-1943.</subfield></datafield><datafield ind1=" " ind2=" " tag="300"><subfield code="a">v.</subfield></datafield><datafield ind1=" " ind2=" " tag="310"><subfield code="a">Irregular</subfield></datafield><datafield ind1="1" ind2=" " tag="362"><subfield code="a">Began in 1943?</subfield></datafield><datafield ind1="0" ind2=" " tag="362"><subfield code="a">-no. 34 (Nov. 5, 1943).</subfield></datafield><datafield ind1=" " ind2=" " tag="588"><subfield code="a">Description based on: No. 28 (Sept. 24, 1943).</subfield></datafield><datafield ind1=" " ind2="4" tag="651"><subfield code="a">Excursion Inlet (Alaska)</subfield><subfield code="v">Newspapers.</subfield></datafield><datafield ind1=" " ind2=" " tag="752"><subfield code="a">United States</subfield><subfield code="b">Alaska</subfield><subfield code="d">Excursion Inlet.</subfield></datafield><datafield ind1="1" ind2=" " tag="029"><subfield code="a">AU@</subfield><subfield code="b">000013651632</subfield></datafield></record>